% Xia 2003a
@Article{Xia2003a,
	author = {Xia, Qinglan},
	title = {Optimal paths related to transport problems},
	year = {2003},
	journal = {Communications in Contemporary Mathematics},
	volume = {5},
	number = {2},
	pages = "251--279"
}

% Xia 2015
@Article{Xia2015,
	author = {Xia, Qinglan},
	title = {Motivations, ideas and applications of ramified optimal transportation},
	year = {2015},
	month = {April},
	journal = {ESAIM Mathematical Modelling and Numerical Analysis},
	volume = {49},
	number = {6}
}

% OTAM
@Book{OTAM,
	title={Optimal transport for applied mathematicians},
  author={Santambrogio, Filippo},
	Year={2015},
  publisher={Springer}
}